symbol,market,fiscal_year,fiscal_quarter,report_date,quarter_end_date,revenue,eps,expected_eps,surprise_pct,currency
AAPL,NASDAQ,2023,2,2023-07-25,2023-06-30,13220237095.0,205.68,218.63,-5.9,USD
AAPL,NASDAQ,2023,3,2023-10-25,2023-09-30,9059623935.0,123.17,121.53,1.3,USD
AAPL,NASDAQ,2023,4,2024-01-25,2023-12-31,15618131216.0,230.73,214.12,7.8,USD
AAPL,NASDAQ,2024,1,2024-04-25,2024-03-31,13888697374.0,213.67,223.58,-4.4,USD
AAPL,NASDAQ,2024,2,2024-07-25,2024-06-30,13481228236.0,224.54,228.02,-1.5,USD
AAPL,NASDAQ,2024,3,2024-10-25,2024-09-30,12442811744.0,197.31,180.28,9.4,USD
AAPL,NASDAQ,2024,4,2025-01-25,2024-12-31,17417963236.0,255.73,254.01,0.7,USD
AAPL,NASDAQ,2025,1,2025-04-25,2025-03-31,10739251756.0,144.4,154.55,-6.6,USD
AAPL,NASDAQ,2025,2,2025-07-25,2025-06-30,10103704531.0,135.35,148.36,-8.8,USD
