[{"symbol":"HSBA","market":"LSE","fiscal_year":2023,"fiscal_quarter":2,"report_date":"2023-07-25","quarter_end_date":"2023-06-30","revenue":9396950420.0,"eps":61.75,"expected_eps":65.21,"surprise_pct":-5.3,"currency":"GBP"},{"symbol":"HSBA","market":"LSE","fiscal_year":2023,"fiscal_quarter":3,"report_date":"2023-10-25","quarter_end_date":"2023-09-30","revenue":10126775446.0,"eps":64.36,"expected_eps":62.01,"surprise_pct":3.8,"currency":"GBP"},{"symbol":"HSBA","market":"LSE","fiscal_year":2023,"fiscal_quarter":4,"report_date":"2024-01-25","quarter_end_date":"2023-12-31","revenue":12227169935.0,"eps":73.88,"expected_eps":73.5,"surprise_pct":0.5,"currency":"GBP"},{"symbol":"HSBA","market":"LSE","fiscal_year":2024,"fiscal_quarter":1,"report_date":"2024-04-25","quarter_end_date":"2024-03-31","revenue":10483004807.0,"eps":77.15,"expected_eps":76.53,"surprise_pct":0.8,"currency":"GBP"},{"symbol":"HSBA","market":"LSE","fiscal_year":2024,"fiscal_quarter":2,"report_date":"2024-07-25","quarter_end_date":"2024-06-30","revenue":11180032006.0,"eps":76.57,"expected_eps":71.26,"surprise_pct":7.5,"currency":"GBP"},{"symbol":"HSBA","market":"LSE","fiscal_year":2024,"fiscal_quarter":3,"report_date":"2024-10-25","quarter_end_date":"2024-09-30","revenue":14093922246.0,"eps":98.45,"expected_eps":107.26,"surprise_pct":-8.2,"currency":"GBP"},{"symbol":"HSBA","market":"LSE","fiscal_year":2024,"fiscal_quarter":4,"report_date":"2025-01-25","quarter_end_date":"2024-12-31","revenue":13748549542.0,"eps":100.46,"expected_eps":105.25,"surprise_pct":-4.6,"currency":"GBP"},{"symbol":"HSBA","market":"LSE","fiscal_year":2025,"fiscal_quarter":1,"report_date":"2025-04-25","quarter_end_date":"2025-03-31","revenue":7579893533.0,"eps":45.09,"expected_eps":43.32,"surprise_pct":4.1,"currency":"GBP"},{"symbol":"HSBA","market":"LSE","fiscal_year":2025,"fiscal_quarter":2,"report_date":"2025-07-25","quarter_end_date":"2025-06-30","revenue":8742469036.0,"eps":47.18,"expected_eps":48.99,"surprise_pct":-3.7,"currency":"GBP"}]