symbol,market,fiscal_year,fiscal_quarter,report_date,quarter_end_date,revenue,eps,expected_eps,surprise_pct,currency
JPM,NYSE,2023,2,2023-07-25,2023-06-30,7213895111.0,48.39,45.72,5.8,USD
JPM,NYSE,2023,3,2023-10-25,2023-09-30,7587416380.0,44.87,49.1,-8.6,USD
JPM,NYSE,2023,4,2024-01-25,2023-12-31,8172866822.0,47.74,45.32,5.3,USD
JPM,NYSE,2024,1,2024-04-25,2024-03-31,6501103503.0,40.58,43.39,-6.5,USD
JPM,NYSE,2024,2,2024-07-25,2024-06-30,10604516110.0,72.69,68.49,6.1,USD
JPM,NYSE,2024,3,2024-10-25,2024-09-30,7952390693.0,56.5,57.59,-1.9,USD
JPM,NYSE,2024,4,2025-01-25,2024-12-31,9000212564.0,56.29,55.32,1.8,USD
JPM,NYSE,2025,1,2025-04-25,2025-03-31,5218482364.0,26.53,28.84,-8.0,USD
JPM,NYSE,2025,2,2025-07-25,2025-06-30,7538966278.0,43.04,40.6,6.0,USD
