[{"symbol":"JPM","market":"NYSE","fiscal_year":2023,"fiscal_quarter":2,"report_date":"2023-07-25","quarter_end_date":"2023-06-30","revenue":7213895111.0,"eps":48.39,"expected_eps":45.72,"surprise_pct":5.8,"currency":"USD"},{"symbol":"JPM","market":"NYSE","fiscal_year":2023,"fiscal_quarter":3,"report_date":"2023-10-25","quarter_end_date":"2023-09-30","revenue":7587416380.0,"eps":44.87,"expected_eps":49.1,"surprise_pct":-8.6,"currency":"USD"},{"symbol":"JPM","market":"NYSE","fiscal_year":2023,"fiscal_quarter":4,"report_date":"2024-01-25","quarter_end_date":"2023-12-31","revenue":8172866822.0,"eps":47.74,"expected_eps":45.32,"surprise_pct":5.3,"currency":"USD"},{"symbol":"JPM","market":"NYSE","fiscal_year":2024,"fiscal_quarter":1,"report_date":"2024-04-25","quarter_end_date":"2024-03-31","revenue":6501103503.0,"eps":40.58,"expected_eps":43.39,"surprise_pct":-6.5,"currency":"USD"},{"symbol":"JPM","market":"NYSE","fiscal_year":2024,"fiscal_quarter":2,"report_date":"2024-07-25","quarter_end_date":"2024-06-30","revenue":10604516110.0,"eps":72.69,"expected_eps":68.49,"surprise_pct":6.1,"currency":"USD"},{"symbol":"JPM","market":"NYSE","fiscal_year":2024,"fiscal_quarter":3,"report_date":"2024-10-25","quarter_end_date":"2024-09-30","revenue":7952390693.0,"eps":56.5,"expected_eps":57.59,"surprise_pct":-1.9,"currency":"USD"},{"symbol":"JPM","market":"NYSE","fiscal_year":2024,"fiscal_quarter":4,"report_date":"2025-01-25","quarter_end_date":"2024-12-31","revenue":9000212564.0,"eps":56.29,"expected_eps":55.32,"surprise_pct":1.8,"currency":"USD"},{"symbol":"JPM","market":"NYSE","fiscal_year":2025,"fiscal_quarter":1,"report_date":"2025-04-25","quarter_end_date":"2025-03-31","revenue":5218482364.0,"eps":26.53,"expected_eps":28.84,"surprise_pct":-8.0,"currency":"USD"},{"symbol":"JPM","market":"NYSE","fiscal_year":2025,"fiscal_quarter":2,"report_date":"2025-07-25","quarter_end_date":"2025-06-30","revenue":7538966278.0,"eps":43.04,"expected_eps":40.6,"surprise_pct":6.0,"currency":"USD"}]