symbol,market,fiscal_year,fiscal_quarter,report_date,quarter_end_date,revenue,eps,expected_eps,surprise_pct,currency
HSBA,LSE,2023,2,2023-07-25,2023-06-30,9396950420.0,61.75,65.21,-5.3,GBP
HSBA,LSE,2023,3,2023-10-25,2023-09-30,10126775446.0,64.36,62.01,3.8,GBP
HSBA,LSE,2023,4,2024-01-25,2023-12-31,12227169935.0,73.88,73.5,0.5,GBP
HSBA,LSE,2024,1,2024-04-25,2024-03-31,10483004807.0,77.15,76.53,0.8,GBP
HSBA,LSE,2024,2,2024-07-25,2024-06-30,11180032006.0,76.57,71.26,7.5,GBP
HSBA,LSE,2024,3,2024-10-25,2024-09-30,14093922246.0,98.45,107.26,-8.2,GBP
HSBA,LSE,2024,4,2025-01-25,2024-12-31,13748549542.0,100.46,105.25,-4.6,GBP
HSBA,LSE,2025,1,2025-04-25,2025-03-31,7579893533.0,45.09,43.32,4.1,GBP
HSBA,LSE,2025,2,2025-07-25,2025-06-30,8742469036.0,47.18,48.99,-3.7,GBP
