symbol,market,fiscal_year,fiscal_quarter,report_date,quarter_end_date,revenue,eps,expected_eps,surprise_pct,currency
BHP,ASX,2023,2,2023-07-25,2023-06-30,534744203.0,2.96,2.78,6.5,AUD
BHP,ASX,2023,3,2023-10-25,2023-09-30,535467026.0,2.81,2.66,5.6,AUD
BHP,ASX,2023,4,2024-01-25,2023-12-31,589198641.0,3.3,3.03,8.9,AUD
BHP,ASX,2024,1,2024-04-25,2024-03-31,394876698.0,2.25,2.44,-7.8,AUD
BHP,ASX,2024,2,2024-07-25,2024-06-30,544866423.0,2.82,3.05,-7.5,AUD
BHP,ASX,2024,3,2024-10-25,2024-09-30,515218936.0,2.78,2.6,6.9,AUD
BHP,ASX,2024,4,2025-01-25,2024-12-31,489965861.0,2.97,2.85,4.2,AUD
BHP,ASX,2025,1,2025-04-25,2025-03-31,304822582.0,1.34,1.22,9.8,AUD
BHP,ASX,2025,2,2025-07-25,2025-06-30,385699831.0,1.87,1.73,8.1,AUD
