[{"symbol":"BHP","market":"ASX","fiscal_year":2023,"fiscal_quarter":2,"report_date":"2023-07-25","quarter_end_date":"2023-06-30","revenue":534744203.0,"eps":2.96,"expected_eps":2.78,"surprise_pct":6.5,"currency":"AUD"},{"symbol":"BHP","market":"ASX","fiscal_year":2023,"fiscal_quarter":3,"report_date":"2023-10-25","quarter_end_date":"2023-09-30","revenue":535467026.0,"eps":2.81,"expected_eps":2.66,"surprise_pct":5.6,"currency":"AUD"},{"symbol":"BHP","market":"ASX","fiscal_year":2023,"fiscal_quarter":4,"report_date":"2024-01-25","quarter_end_date":"2023-12-31","revenue":589198641.0,"eps":3.3,"expected_eps":3.03,"surprise_pct":8.9,"currency":"AUD"},{"symbol":"BHP","market":"ASX","fiscal_year":2024,"fiscal_quarter":1,"report_date":"2024-04-25","quarter_end_date":"2024-03-31","revenue":394876698.0,"eps":2.25,"expected_eps":2.44,"surprise_pct":-7.8,"currency":"AUD"},{"symbol":"BHP","market":"ASX","fiscal_year":2024,"fiscal_quarter":2,"report_date":"2024-07-25","quarter_end_date":"2024-06-30","revenue":544866423.0,"eps":2.82,"expected_eps":3.05,"surprise_pct":-7.5,"currency":"AUD"},{"symbol":"BHP","market":"ASX","fiscal_year":2024,"fiscal_quarter":3,"report_date":"2024-10-25","quarter_end_date":"2024-09-30","revenue":515218936.0,"eps":2.78,"expected_eps":2.6,"surprise_pct":6.9,"currency":"AUD"},{"symbol":"BHP","market":"ASX","fiscal_year":2024,"fiscal_quarter":4,"report_date":"2025-01-25","quarter_end_date":"2024-12-31","revenue":489965861.0,"eps":2.97,"expected_eps":2.85,"surprise_pct":4.2,"currency":"AUD"},{"symbol":"BHP","market":"ASX","fiscal_year":2025,"fiscal_quarter":1,"report_date":"2025-04-25","quarter_end_date":"2025-03-31","revenue":304822582.0,"eps":1.34,"expected_eps":1.22,"surprise_pct":9.8,"currency":"AUD"},{"symbol":"BHP","market":"ASX","fiscal_year":2025,"fiscal_quarter":2,"report_date":"2025-07-25","quarter_end_date":"2025-06-30","revenue":385699831.0,"eps":1.87,"expected_eps":1.73,"surprise_pct":8.1,"currency":"AUD"}]