[{"symbol":"SOL","market":"JSE","fiscal_year":2023,"fiscal_quarter":2,"report_date":"2023-07-25","quarter_end_date":"2023-06-30","revenue":2111358765.0,"eps":11.49,"expected_eps":11.27,"surprise_pct":2.0,"currency":"ZAR"},{"symbol":"SOL","market":"JSE","fiscal_year":2023,"fiscal_quarter":3,"report_date":"2023-10-25","quarter_end_date":"2023-09-30","revenue":1553658198.0,"eps":8.01,"expected_eps":8.74,"surprise_pct":-8.4,"currency":"ZAR"},{"symbol":"SOL","market":"JSE","fiscal_year":2023,"fiscal_quarter":4,"report_date":"2024-01-25","quarter_end_date":"2023-12-31","revenue":2057093466.0,"eps":11.43,"expected_eps":10.75,"surprise_pct":6.3,"currency":"ZAR"},{"symbol":"SOL","market":"JSE","fiscal_year":2024,"fiscal_quarter":1,"report_date":"2024-04-25","quarter_end_date":"2024-03-31","revenue":1890033115.0,"eps":10.89,"expected_eps":11.84,"surprise_pct":-8.0,"currency":"ZAR"},{"symbol":"SOL","market":"JSE","fiscal_year":2024,"fiscal_quarter":2,"report_date":"2024-07-25","quarter_end_date":"2024-06-30","revenue":2236489664.0,"eps":12.24,"expected_eps":11.73,"surprise_pct":4.3,"currency":"ZAR"},{"symbol":"SOL","market":"JSE","fiscal_year":2024,"fiscal_quarter":3,"report_date":"2024-10-25","quarter_end_date":"2024-09-30","revenue":1672585663.0,"eps":9.5,"expected_eps":10.01,"surprise_pct":-5.1,"currency":"ZAR"},{"symbol":"SOL","market":"JSE","fiscal_year":2024,"fiscal_quarter":4,"report_date":"2025-01-25","quarter_end_date":"2024-12-31","revenue":2219993735.0,"eps":10.98,"expected_eps":9.88,"surprise_pct":11.1,"currency":"ZAR"},{"symbol":"SOL","market":"JSE","fiscal_year":2025,"fiscal_quarter":1,"report_date":"2025-04-25","quarter_end_date":"2025-03-31","revenue":1378773413.0,"eps":6.78,"expected_eps":6.35,"surprise_pct":6.8,"currency":"ZAR"},{"symbol":"SOL","market":"JSE","fiscal_year":2025,"fiscal_quarter":2,"report_date":"2025-07-25","quarter_end_date":"2025-06-30","revenue":1953049237.0,"eps":8.78,"expected_eps":9.51,"surprise_pct":-7.7,"currency":"ZAR"}]